@inbook{841842cf899c42e9b88c7a8cdac64180,
title = "Effects of age and gender on blogging",
author = "Jonathan Schler and Moshe Koppel and Shlomo Argamon and James Pennebaker",
year = "2006",
isbn = "1577352645",
volume = "SS-06-03",
pages = "191--197",
booktitle = "Computational Approaches to Analyzing Weblogs - Papers from the AAAI Spring Symposium, Technical Report",
}
