@inproceedings{Shen:2007:DIE:1325851.1325968,
 author = {Shen, Warren and Doan, AnHai and Naughton, Jeffrey F. and Ramakrishnan, Raghu},
 title = {Declarative Information Extraction Using Datalog with Embedded Extraction Predicates},
 booktitle = {Proceedings of the 33rd International Conference on Very Large Data Bases},
 series = {VLDB '07},
 year = {2007},
 isbn = {978-1-59593-649-3},
 location = {Vienna, Austria},
 pages = {1033--1044},
 numpages = {12},
 url = {http://dl.acm.org/citation.cfm?id=1325851.1325968},
 acmid = {1325968},
 publisher = {VLDB Endowment},
}