@MISC{Cowie96informationextraction,
    author = {Jim Cowie and Yorick Wilks},
    title = {Information Extraction},
    year = {1996}
}
