@article{Grathwohl:2016:KCN:2914770.2837647,
 author = {Grathwohl, Bj{\o}rn Bugge and Henglein, Fritz and Rasmussen, Ulrik Terp and S{\o}holm, Kristoffer Aalund and T{\o}rholm, Sebastian Paaske},
 title = {Kleenex: Compiling Nondeterministic Transducers to Deterministic Streaming Transducers},
 journal = {SIGPLAN Not.},
 issue_date = {January 2016},
 volume = {51},
 number = {1},
 month = jan,
 year = {2016},
 issn = {0362-1340},
 pages = {284--297},
 numpages = {14},
 url = {http://doi.acm.org/10.1145/2914770.2837647},
 doi = {10.1145/2914770.2837647},
 acmid = {2837647},
 publisher = {ACM},
 address = {New York, NY, USA},
 keywords = {automaton, determinization, nondeterministic, regular, streaming, transducer},
}