@inproceedings{Yang:2012:FSE:2396556.2396594,
 author = {Yang, Liu and Manadhata, Pratyusa and Horne, William and Rao, Prasad and Ganapathy, Vinod},
 title = {Fast Submatch Extraction Using OBDDs},
 booktitle = {Proceedings of the Eighth ACM/IEEE Symposium on Architectures for Networking and Communications Systems},
 series = {ANCS '12},
 year = {2012},
 isbn = {978-1-4503-1685-9},
 location = {Austin, Texas, USA},
 pages = {163--174},
 numpages = {12},
 url = {http://doi.acm.org/10.1145/2396556.2396594},
 doi = {10.1145/2396556.2396594},
 acmid = {2396594},
 publisher = {ACM},
 address = {New York, NY, USA},
 keywords = {ordered binary decision diagram (OBDD), pattern matching, regular expression, submatch, tagged-nfa},
}