@misc{cox_2010,
	title={Regular Expression Matching in the Wild},
	url={https://swtch.com/~rsc/regexp/regexp3.html},
	journal={Regular Expression Matching in the Wild},
	author={Cox, Russ},
	year={2010}
}
