@misc{cox_2007, 
	title={Regular Expression Matching Can Be Simple And Fast (but is slow in Java, Perl, PHP, Python, Ruby, ...)},
	url={https://swtch.com/~rsc/regexp/regexp1.html},
	journal={Regular Expression Matching Can Be Simple And Fast},
	author={Cox, Russ},
	year={2007}
}
