@article{Fagin:2015:DSF:2772377.2699442,
 author = {Fagin, Ronald and Kimelfeld, Benny and Reiss, Frederick and Vansummeren, Stijn},
 title = {Document Spanners: A Formal Approach to Information Extraction},
 journal = {J. ACM},
 issue_date = {May 2015},
 volume = {62},
 number = {2},
 month = may,
 year = {2015},
 issn = {0004-5411},
 pages = {12:1--12:51},
 articleno = {12},
 numpages = {51},
 url = {http://doi.acm.org/10.1145/2699442},
 doi = {10.1145/2699442},
 acmid = {2699442},
 publisher = {ACM},
 address = {New York, NY, USA},
 keywords = {Information extraction, document spanners, finite-state automata, regular expressions},
}