@article{Sarawagi:2008:IE:1498844.1498845,
 author = {Sarawagi, Sunita},
 title = {Information Extraction},
 journal = {Found. Trends databases},
 issue_date = {March 2008},
 volume = {1},
 number = {3},
 month = mar,
 year = {2008},
 issn = {1931-7883},
 pages = {261--377},
 numpages = {117},
 url = {http://dx.doi.org/10.1561/1900000003},
 doi = {10.1561/1900000003},
 acmid = {1498845},
 publisher = {Now Publishers Inc.},
 address = {Hanover, MA, USA},
}