@INPROCEEDINGS{4497502, 
author={F. Reiss and S. Raghavan and R. Krishnamurthy and H. Zhu and S. Vaithyanathan}, 
booktitle={2008 IEEE 24th International Conference on Data Engineering}, 
title={An Algebraic Approach to Rule-Based Information Extraction}, 
year={2008}, 
pages={933-942}, 
keywords={algebra;grammars;knowledge engineering;query processing;algebraic approach;grammar-based systems;large data sets;query optimization;real-world blog data;regular expression grammars;rule-based extraction programs;rule-based information extraction;text-specific characteristics;traditional database research;Algebra;Data mining;Databases;Information services;Instruments;Intelligent structures;Internet;Query processing;Scalability;Web sites}, 
doi={10.1109/ICDE.2008.4497502}, 
ISSN={1063-6382}, 
month={April},}
