@article{Krishnamurthy:2009:SSD:1519103.1519105,
 author = {Krishnamurthy, Rajasekar and Li, Yunyao and Raghavan, Sriram and Reiss, Frederick and Vaithyanathan, Shivakumar and Zhu, Huaiyu},
 title = {SystemT: A System for Declarative Information Extraction},
 journal = {SIGMOD Rec.},
 issue_date = {December 2008},
 volume = {37},
 number = {4},
 month = mar,
 year = {2009},
 issn = {0163-5808},
 pages = {7--13},
 numpages = {7},
 url = {http://doi.acm.org/10.1145/1519103.1519105},
 doi = {10.1145/1519103.1519105},
 acmid = {1519105},
 publisher = {ACM},
 address = {New York, NY, USA},
}