
@misc{cox_regular_2007,
	title = {Regular {Expression} {Matching} {Can} {Be} {Simple} {And} {Fast}},
	url = {https://swtch.com/~rsc/regexp/regexp1.html},
	urldate = {2016-06-07},
	author = {Cox, Russ},
	year = {2007},
	file = {Regular Expression Matching Can Be Simple And Fast:C\:\\Users\\Andrea\\AppData\\Roaming\\Mozilla\\Firefox\\Profiles\\m1r90tgp.default\\zotero\\storage\\Z5KX7A9P\\regexp1.html:text/html}
}