
@misc{cox_regular_2009,
	title = {Regular {Expression} {Matching}: the {Virtual} {Machine} {Approach}},
	url = {https://swtch.com/~rsc/regexp/regexp2.html},
	urldate = {2016-06-07},
	author = {Cox, Russ},
	year = {2009},
	file = {Regular Expression Matching\: the Virtual Machine Approach:C\:\\Users\\Andrea\\AppData\\Roaming\\Mozilla\\Firefox\\Profiles\\m1r90tgp.default\\zotero\\storage\\4EVHGDPX\\regexp2.html:text/html}
}